23700000         211839737000208000000000000077785490378700000000137970 BRUNO MARTINS RODRIGUES ME    BRADESCO SA                             11904201711183100000108400000                                                                     
23700011R01  042 2011839737000208000000000000077785490378700000000137970 BRUNO MARTINS RODRIGUES ME                                                                                    000000011904201700000000                                 
2370001300001P 01037870000000013797 0009000000000003224421122032244          0501201700000000003500000000099N0301201720601201700000000000003420501201700000000000050000000000000000000000000000000032244                    3001090090000000000 
2370001300002Q 011000040329543765JOSE MELO REGO                          AV ALFA QUADRA 15 CASA 29               PARQUE ATHENAS 65073300SAO LUIS       MA0000000000000000                                                                       
2370001300003R 01000000000000000000000000000000000000000000000000206012017000000000000200                                                                                                              00000000237037870000000013797002         
23700015         00000500000100000000000035000000000000000000000000000000000000000000000000000000000000000000000000                                                                                                                             
23799999         000001000007000000                                                                                                                                                                                                             